@article{bartovs2014effective,
  title={Effective encoding of the Hidato and Numbrix puzzles to their CNF representation},
  author={Barto{\v{s}}, Samuel},
  year={2014},
  publisher={Univerzita Karlova, Matematicko-fyzik{\'a}ln{\'\i} fakulta}
}


@book{lipovaca2011learn,
  title={Learn you a haskell for great good!: a beginner's guide},
  author={Lipovaca, Miran},
  year={2011},
  publisher={no starch press}
}